@article{nicolis1981,
	author = {C. Nicolis},
	year = {1981},
	month = {},
	pages = {473-478},
	title = {Solar variability and stochastic effects on climate},
	volume = {74},
	journal = {Solar Physics},
	doi = {}
}

@article{benzi1981,
	author = {R. Benzi et al.},
	year = {1981},
	month = {},
	title = {The mechanism of stochastic resonance},
	volume = {14},
	journal = {J. Phys. A: Math. Gen.},
	doi = {}
}

@article{lisiecki2005,
author = {Lisiecki, Lorraine E. and Raymo, Maureen E.},
title = {A Pliocene-Pleistocene stack of 57 globally distributed benthic d18O records},
journal = {Paleoceanography},
volume = {20},
number = {1},
pages = {},
doi = {10.1029/2004PA001071},
year = {2005}
}

@article{schmidt1999,
author = {G.A. Schmidt},
title = {Forward modeling of carbonate proxy data from planktonic foraminifera using oxygen isotope tracers in a global ocean model},
journal = {Paleoceanography},
volume = {14},
number = {4},
pages = {482-497},
year = {1999}
}

@misc{giss,
title = {Cold Climates, Warm Climates: How Can We Tell Past Temperatures? (consulté le 07/01/2020)},
url = {https://www.giss.nasa.gov/research/briefs/schmidt_01/}
}

@misc{wiki_quaternary,
title = {Wikipedia: Quaternary (consulté le 07/01/2020)},
url = {https://en.wikipedia.org/wiki/Quaternary}
}

@misc{wiki_quaternary_glaciation,
title = {Wikipedia: Quaternary glaciation (consulté le 07/01/2020)},
url = {https://en.wikipedia.org/wiki/Quaternary_glaciation}
}

@misc{wiki_mid_pleistocene_transition,
title = {Wikipedia: Mid-pleistocene transition (consulté le 07/01/2020)},
url = {https://en.wikipedia.org/wiki/Mid-Pleistocene_Transition}
}

@misc{wiki_milankovitch_cycles,
title = {Wikipedia: Milankovitch cycles (consulté le 07/01/2020)},
url = {https://en.wikipedia.org/wiki/Milankovitch_cycles}
}

@misc{wiki_100ky_problem,
title = {Wikipedia: 100,000-year problem (consulté le 09/01/2020)},
url = {https://en.wikipedia.org/wiki/100,000-year_problem}
}

@misc{wiki_d18O,
title = {Wikipedia: d18O (consulté le 07/01/2020)},
url = {https://en.wikipedia.org/wiki/Δ18O}
}

@book{huggett,
author = {R.J. Huggett},
title = {The Natural History of Earth: Debating long-term change in the geosphere and the biosphere},
chapter = {4},
year = {2006},
editor = {Routledge},
edition = {1}
}

@article{muller1995,
author = {R.A. Muller, G.J. MacDonald},
title = {Glacial cycles and oribital inclination},
journal = {Nature},
volume = {377},
month = {09},
pages = {107},
year = {1995}
}

@article{willeit2019,
author = {M. Willeit et al.},
title = {Mid-Pleistocene transition in glacial cycles explained by declining CO2 and regolith removal},
journal = {Science Advances},
year = {2019},
doi = {10.1126/sciadv.aav7337}
}

@article{karner2000,
author = {D.B. Karner, R.A. Muller},
title = {A Causality Problem for Milankovitch},
journal = {Science},
volume = {288},
month = {06},
pages = {2143},
year = {2000}
}

@article{ruddiman2006,
author = {W.F. Ruddiman},
title = {Orbital changes and climate},
journal = {Quaternary Science Reviews},
volume = {25},
pages = {3092–3112},
year = {2006}
}

@article{ehrlich2007,
author = {R. Ehrlich},
title = {Solar resonant diffusion waves as a driver of terrestrial climate change},
journal = {Journal of Atmospheric and Solar-Terrestrial Physics},
year = {2007},
doi = {10.1016/j.jastp.2007.01.005}
}

@article{wunsch2004,
author = {C. Wunsch},
title = {Quantitative estimate of the Milankovitch-forced contribution to observed Quaternary climate change},
journal = {Quaternary Science Reviews},
volume = {23},
pages = {1001–1012},
year = {2004}
}

@article{nicolis1982,
	author = {C. Nicolis},
	year = {1982},
	month = {},
	pages = {1-9},
	title = {Stochastic aspects of climatic transitions–response to a periodic forcing},
	volume = {34},
	journal = {Tellus},
	doi = {10.3402/tellusa.v34i1.10781}
}

@article{benzi1983,
	author = {R. Benzi et al.},
	year = {1983},
	month = {},
	title = {A theory of stochastic resonance in climate change},
	volume = {43},
	journal = {SIAM J. Appl. Math},
	doi = {}
}

@article{benzi2010,
	author = {R. Benzi},
	year = {2010},
	month = {},
	pages = {431-441},
	title = {Stochastic resonance: from climate to biology},
	volume = {17},
	journal = {Nonlin. Processes Geophys.},
	doi = {}
}

@misc{scholarpedia,
author = {C. Nicolis, G. Nicolis},
title = {Scholarpedia on stochastic resonance by Nicolis (consulté le 11/01/2020)},
url = {http://www.scholarpedia.org/article/Stochastic_resonance}
}
